@article{trivelloni07,
	Author = {Carlos Alberto Peruzzo TRIVELLONI},
	Journal = {XIV COBREAP},
	Title = {COMPARAÇÃO DE MODELOS INFERENCIAIS TRADICIONAIS E ESPACIAIS UTILIZANDO DIFERENTES VARIÁVEIS DE LOCALIZAÇÃO.},
	Year = {2007},
	url = {https://goo.gl/tpk5kW},
	urlaccessdate = {11 mai. 2017}
}

@book{hoccheim,
  Address = {Florianópolis},
  Author = {Norberto HOCCHEIM},
  Title = {Engenharia de Avaliações - Módulo Básico},
  Publisher = {IBAPE - SC},
  Year = {2015}
}

@book{sarmiento-barbieri,
  Address = {Illinois},
  Author = {Ignacio SARMIENTO-BARBIERI},
  Title = {An Introduction to Spatial Econometrics in R},
  Publisher = {University of Illinois},
  Year = {2016},
  url = {http://www.econ.uiuc.edu/~lab/workshop/Spatial_in_R.html},
	urlaccessdate = {11 mai. 2017}
}